@article{Moyano_2018,
  title = {Review of ensembles of multi-label classifiers: Models, experimental study and prospects},
  author = {Jose M. Moyano and Eva L. Gibaja and Krzysztof J. Cios and Sebasti\'{a}n Ventura},
  journal = {Information Fusion},
  volume = {44},
  pages = {33 - 45},
  year = {2018},
  issn = {1566-2535},
  doi = {https://doi.org/10.1016/j.inffus.2017.12.001},
  url = {http://www.sciencedirect.com/science/article/pii/S1566253517307169}
}
 
@article{Schapire_1999, 
  author = {Robert E. Schapire and Yoram Singer}, 
  title = {Improved Boosting Algorithms Using Confidence-rated Predictions}, 
  journal = {Machine Learningl}, 
  number = {37}, 
  pages = {297-336}, 
  year = {1999} 
}

@inproceedings{Moyano_2016,
  title = {RKEEL: Using KEEL in R Code},
  author = {Moyano, J. M. and S\'{a}nchez, L.},
  doi = {10.1109/FUZZ-IEEE.2016.7737695},
  year = {2016},
  booktitle = {2016 IEEE International Conference on Fuzzy Systems, FUZZ-IEEE 2016},
  pages = {257-264},
  keywords = {Software Design & Development}
}

@book{Herrera_2016,
  author = {F. Herrera and F. Charte and A.J. Rivera and M.J. del Jesus},
  title = {Multilabel Classification. Problem analysis, metrics and techniques},
  year = {2016},
  isbn = {978-3-319-41111-8},
  doi = {10.1007/978-3-319-41111-8},
  publisher = {Springer}
}

@INBOOK{Tsoumakas_2010,
  author = {G. Tsoumakas and I. Katakis and I. Vlahavas}, 
  title = {Data  Mining  and  Knowledge Discovery Handbook, Part 6},
  chapter = {Mining Multi-label Data},
  pages = {667-685},
  publisher = {Springer},
  year = {2010}
}

@misc{Clus_web,
  title = {Clus: Software for predictive clustering},
  howpublished = {\url{http://clus.sourceforge.net/}},
  note = {Last access: 31-03-2017}
}

